@article{friedman,
    author = {Harvey Friedman},
    title = {Some systems of second order arithmetic and their use},
    booktitle = {in Proceedings of the International Congress of Mathematicians, Vancouver 1974},
    year = {1975},
    pages = {235--242}
}

@book{simpson,
    place={Cambridge},
    edition={2},
    series={Perspectives in Logic},
    title={Subsystems of Second Order Arithmetic},
    DOI={10.1017/CBO9780511581007},
    publisher={Cambridge University Press},
    author={Simpson, Stephen G.},
    year={2009},
    collection={Perspectives in Logic}
}

@book{stillwell,
    ISBN = {9780691177175},
    author = {John Stillwell},
    publisher = {Princeton University Press},
    title = {Reverse Mathematics: Proofs from the Inside Out},
    year = {2018}
}

